@misc{bc-design,
	Author = {Nakamoto, Satoshi},
	Howpublished = {\url{https://bitcoin.org/bitcoin.pdf}},
	Title = {{Bitcoin: A Peer-to-Peer Electronic Cash System}},
	Year = {2008}}
@inproceedings{ttt,
 title={{Cache{B}rowser: {B}ypassing Chinese Censorship without Proxies Using Cached Content}},
 author={John Holowczak and Amir Houmansadr},
 booktitle={CCS},
 year={2015}
}

@inproceedings{real_enc,
  author    = {Roni Bar{-}Yanai and
               Michael Langberg and
               David Peleg and
               Liam Roditty},
  editor    = {Paola Festa},
  title     = {Realtime Classification for Encrypted Traffic},
  booktitle = {Experimental Algorithms, 9th International Symposium, {SEA} 2010,
               Ischia Island, Naples, Italy, May 20-22, 2010. Proceedings},
  series    = {Lecture Notes in Computer Science},
  volume    = {6049},
  pages     = {373--385},
  publisher = {Springer},
  year      = {2010},
  url       = {https://doi.org/10.1007/978-3-642-13193-6\_32},
  doi       = {10.1007/978-3-642-13193-6\_32},
  timestamp = {Tue, 14 May 2019 10:00:42 +0200},
  biburl    = {https://dblp.org/rec/conf/wea/Bar-YanaiLPR10.bib},
  bibsource = {dblp computer science bibliography, https://dblp.org}
}

@book{deep_learning_book,
    title={Deep Learning},
    author={Ian Goodfellow and Yoshua Bengio and Aaron Courville},
    publisher={MIT Press},
    note={\url{http://www.deeplearningbook.org}},
    year={2016}
}

@inproceedings{port_mad,
  author    = {Alok Madhukar and
               Carey L. Williamson},
  title     = {A Longitudinal Study of {P2P} Traffic Classification},
  booktitle = {14th International Symposium on Modeling, Analysis, and Simulation
               of Computer and Telecommunication Systems {(MASCOTS} 2006), 11-14
               September 2006, Monterey, California, {USA}},
  pages     = {179--188},
  year      = {2006},
  url       = {https://doi.org/10.1109/MASCOTS.2006.6},
  doi       = {10.1109/MASCOTS.2006.6},
  timestamp = {Fri, 26 May 2017 00:49:31 +0200},
  biburl    = {https://dblp.org/rec/bib/conf/mascots/MadhukarW06},
  bibsource = {dblp computer science bibliography, https://dblp.org}
}
@inproceedings{payload_moore,
  author    = {Andrew W. Moore and
               Konstantina Papagiannaki},
  title     = {Toward the Accurate Identification of Network Applications},
  booktitle = {Passive and Active Network Measurement, 6th International Workshop,
               {PAM} 2005, Boston, MA, USA, March 31 - April 1, 2005, Proceedings},
  pages     = {41--54},
  year      = {2005},
  url       = {https://doi.org/10.1007/978-3-540-31966-5\_4},
  doi       = {10.1007/978-3-540-31966-5\_4},
  timestamp = {Fri, 02 Nov 2018 09:43:46 +0100},
  biburl    = {https://dblp.org/rec/bib/conf/pam/MooreP05},
  bibsource = {dblp computer science bibliography, https://dblp.org}
}
@inproceedings{payload_app,
  author    = {Patrick Haffner and
               Subhabrata Sen and
               Oliver Spatscheck and
               Dongmei Wang},
  title     = {{ACAS:} automated construction of application signatures},
  booktitle = {Proceedings of the 1st Annual {ACM} Workshop on Mining Network Data,
               MineNet 2005, Philadelphia, Pennsylvania, USA, August 26, 2005},
  pages     = {197--202},
  year      = {2005},
  url       = {https://doi.org/10.1145/1080173.1080183},
  doi       = {10.1145/1080173.1080183},
  timestamp = {Tue, 06 Nov 2018 16:59:02 +0100},
  biburl    = {https://dblp.org/rec/bib/conf/minenet/HaffnerSSW05},
  bibsource = {dblp computer science bibliography, https://dblp.org}
}
@inproceedings{payload_content,
  author    = {Taesang Choi and
               Changhoon Kim and
               Jeongsook Yoon and
               Jeongsook Park and
               Byungjun Lee and
               Hyunghan Kim and
               Hyungseok Chung and
               Taesoo Jeong},
  title     = {Content-aware Internet application traffic measurement and analysis},
  booktitle = {Managing Next Generation Convergence Networks and Services, {IEEE/IFIP}
               Network Operations and Management Symposium, {NOMS} 2004, Seoul, Korea,
               19-23 April 2004, Proceedings},
  pages     = {511--524},
  year      = {2004},
  url       = {https://doi.org/10.1109/NOMS.2004.1317737},
  doi       = {10.1109/NOMS.2004.1317737},
  timestamp = {Fri, 19 May 2017 01:26:25 +0200},
  biburl    = {https://dblp.org/rec/bib/conf/noms/ChoiKYPLKCJ04},
  bibsource = {dblp computer science bibliography, https://dblp.org}
}
@inproceedings{payload_p2p,
  author    = {Subhabrata Sen and
               Oliver Spatscheck and
               Dongmei Wang},
  title     = {Accurate, scalable in-network identification of p2p traffic using
               application signatures},
  booktitle = {Proceedings of the 13th international conference on World Wide Web,
               {WWW} 2004, New York, NY, USA, May 17-20, 2004},
  pages     = {512--521},
  year      = {2004},
  url       = {https://doi.org/10.1145/988672.988742},
  doi       = {10.1145/988672.988742},
  timestamp = {Tue, 06 Nov 2018 16:57:07 +0100},
  biburl    = {https://dblp.org/rec/bib/conf/www/SenSW04},
  bibsource = {dblp computer science bibliography, https://dblp.org}
}
@inproceedings{web_p2p,
  author    = {Jeffrey Erman and
               Anirban Mahanti and
               Martin F. Arlitt and
               Carey L. Williamson},
  title     = {Identifying and discriminating between web and peer-to-peer traffic
               in the network core},
  booktitle = {Proceedings of the 16th International Conference on World Wide Web,
               {WWW} 2007, Banff, Alberta, Canada, May 8-12, 2007},
  pages     = {883--892},
  year      = {2007},
  url       = {https://doi.org/10.1145/1242572.1242692},
  doi       = {10.1145/1242572.1242692},
  timestamp = {Tue, 06 Nov 2018 16:57:07 +0100},
  biburl    = {https://dblp.org/rec/bib/conf/www/ErmanMAW07},
  bibsource = {dblp computer science bibliography, https://dblp.org}
}
@inproceedings{skype,
  author    = {Dario Bonfiglio and
               Marco Mellia and
               Michela Meo and
               Dario Rossi and
               Paolo Tofanelli},
  title     = {Revealing skype traffic: when randomness plays with you},
  booktitle = {Proceedings of the {ACM} {SIGCOMM} 2007 Conference on Applications,
               Technologies, Architectures, and Protocols for Computer Communications,
               Kyoto, Japan, August 27-31, 2007},
  pages     = {37--48},
  year      = {2007},
  url       = {https://doi.org/10.1145/1282380.1282386},
  doi       = {10.1145/1282380.1282386},
  timestamp = {Tue, 06 Nov 2018 11:07:12 +0100},
  biburl    = {https://dblp.org/rec/bib/conf/sigcomm/BonfiglioMMRT07},
  bibsource = {dblp computer science bibliography, https://dblp.org}
}
@proceedings{early_ident,
  editor    = {Christophe Diot and
               Mostafa H. Ammar},
  title     = {Proceedings of the 2006 {ACM} Conference on Emerging Network Experiment
               and Technology, CoNEXT 2006, Lisboa, Portugal, December 4-7, 2006},
  publisher = {{ACM}},
  year      = {2006},
  url       = {http://dl.acm.org/citation.cfm?id=1368436},
  isbn      = {1-59593-456-1},
  timestamp = {Mon, 07 Dec 2015 19:29:03 +0100},
  biburl    = {https://dblp.org/rec/bib/conf/conext/2006},
  bibsource = {dblp computer science bibliography, https://dblp.org}
}
@inproceedings{Andrychowicz:2014,
	Address = {Washington, DC, USA},
	Author = {Andrychowicz, Marcin and Dziembowski, Stefan and Malinowski, Daniel and Mazurek, Lukasz},
	Booktitle = {Proceedings of the 2014 IEEE Symposium on Security and Privacy},
	Doi = {10.1109/SP.2014.35},
	Isbn = {978-1-4799-4686-0},
	Pages = {443--458},
	Publisher = {IEEE Computer Society},
	Series = {SP '14},
	Title = {Secure Multiparty Computations on Bitcoin},
	Url = {http://dx.doi.org/10.1109/SP.2014.35},
	Year = {2014},
	Bdsk-Url-1 = {http://dx.doi.org/10.1109/SP.2014.35}}


@inproceedings{sybil,
  title={The sybil attack},
  author={Douceur, John R},
  booktitle={International Workshop on Peer-to-Peer Systems},
  pages={251--260},
  year={2002},
  organization={Springer}
}
@article{nakamoto2008bitcoin,
  title={Bitcoin: A peer-to-peer electronic cash system},
  author={Nakamoto, Satoshi},
  year={2008}
}
@inproceedings {eclipse,
author = {Ethan Heilman and Alison Kendler and Aviv Zohar and Sharon Goldberg},
title = {Eclipse Attacks on Bitcoin{\textquoteright}s Peer-to-Peer Network},
booktitle = {24th USENIX Security Symposium (USENIX Security 15)},
year = {2015},
isbn = {978-1-931971-232},
address = {Washington, D.C.},
pages = {129--144},
url = {https://www.usenix.org/conference/usenixsecurity15/technical-sessions/presentation/heilman},
publisher = {USENIX Association},
}
@book{probabilitybook,
  title={Probability: theory and examples},
  author={Durrett, Rick},
  year={2010},
  publisher={Cambridge university press}
}
@inproceedings{Miller:2014,
	Address = {Washington, DC, USA},
	Author = {Miller, Andrew and Juels, Ari and Shi, Elaine and Parno, Bryan and Katz, Jonathan},
	Booktitle = {Proceedings of the 2014 IEEE Symposium on Security and Privacy},
	Doi = {10.1109/SP.2014.37},
	Isbn = {978-1-4799-4686-0},
	Pages = {475--490},
	Publisher = {IEEE Computer Society},
	Series = {SP '14},
	Title = {Permacoin: Repurposing Bitcoin Work for Data Preservation},
	Url = {http://dx.doi.org/10.1109/SP.2014.37},
	Year = {2014},
	Bdsk-Url-1 = {http://dx.doi.org/10.1109/SP.2014.37}}


@misc{compactblock,
  title = {{Compact block relaying mode}},
  howpublished = {\url{https://bitcoincore.org/en/2016/06/07/compact-blocks-faq/}},
  year = {2008}, 
  note = "[Online; accessed 19-July-2008]"
}
@inproceedings{Bitcoinnetworkoverview,
  title={Deanonymisation of clients in Bitcoin P2P network},
  author={Biryukov, Alex and Khovratovich, Dmitry and Pustogarov, Ivan},
  booktitle={Proceedings of the 2014 ACM SIGSAC Conference on Computer and Communications Security},
  pages={15--29},
  year={2014},
  organization={ACM}
}
@inproceedings{scramblesuit,
  title={ScrambleSuit: A polymorphic network protocol to circumvent censorship},
  author={Winter, Philipp and Pulls, Tobias and Fuss, Juergen},
  booktitle={Proceedings of the 12th ACM workshop on Workshop on privacy in the electronic society},
  pages={213--224},
  year={2013},
  organization={ACM}
}
@inproceedings{skype,
  title={Revealing skype traffic: when randomness plays with you},
  author={Bonfiglio, Dario and Mellia, Marco and Meo, Michela and Rossi, Dario and Tofanelli, Paolo},
  booktitle={ACM SIGCOMM Computer Communication Review},
  volume={37},
  number={4},
  pages={37--48},
  year={2007},
  organization={ACM}
}
@misc{ftp,
  author = {},
  title = {{Lawrence Berkeley National Lab FTP Packet}},
  howpublished = "\url{http://ee.lbl.gov/anonymized-traces.html}",
  year = {2004}, 
}
@misc{bittorrent,
  author = {},
  title = {{CRAWDAD, A Community Resource for Archiving Wireless Data At Dartmouth}},
  howpublished = "\url{http://crawdad.org/snu/bittorrent/20110125/}",
  year = {2011}, 
}

@misc{obfs4,
  author = {Yawning},
  title = {{Obfsproxy4}},
  howpublished = "\url{https://github.com/Yawning/obfs4/blob/
master/doc/obfs4-spec.txt}",
  year = {2015}, 
}


@article{deanonym1,
  author    = {Alex Biryukov and
               Dmitry Khovratovich and
               Ivan Pustogarov},
  title     = {Deanonymisation of clients in Bitcoin {P2P} network},
  journal   = {CoRR},
  volume    = {abs/1405.7418},
  year      = {2014},
  url       = {http://arxiv.org/abs/1405.7418},
  archivePrefix = {arXiv},
  eprint    = {1405.7418},
  timestamp = {Wed, 07 Jun 2017 14:42:31 +0200},
  biburl    = {http://dblp.org/rec/bib/journals/corr/BiryukovKP14},
  bibsource = {dblp computer science bibliography, http://dblp.org}
}

@inproceedings{deanonym2,
  author    = {Philip Koshy and
               Diana Koshy and
               Patrick D. McDaniel},
  title     = {An Analysis of Anonymity in Bitcoin Using {P2P} Network Traffic},
  booktitle = {Financial Cryptography and Data Security - 18th International Conference,
               {FC} 2014, Christ Church, Barbados, March 3-7, 2014, Revised Selected
               Papers},
  pages     = {469--485},
  year      = {2014},
  crossref  = {DBLP:conf/fc/2014},
  url       = {https://doi.org/10.1007/978-3-662-45472-5_30},
  doi       = {10.1007/978-3-662-45472-5_30},
  timestamp = {Fri, 26 May 2017 00:50:27 +0200},
  biburl    = {http://dblp.org/rec/bib/conf/fc/KoshyKM14},
  bibsource = {dblp computer science bibliography, http://dblp.org}
}

@article{deanonym3,
  author    = {Alex Biryukov and
               Ivan Pustogarov},
  title     = {Bitcoin over Tor isn't a good idea},
  journal   = {CoRR},
  volume    = {abs/1410.6079},
  year      = {2014},
  url       = {http://arxiv.org/abs/1410.6079},
  archivePrefix = {arXiv},
  eprint    = {1410.6079},
  timestamp = {Wed, 07 Jun 2017 14:42:41 +0200},
  biburl    = {http://dblp.org/rec/bib/journals/corr/BiryukovP14},
  bibsource = {dblp computer science bibliography, http://dblp.org}
}


@inproceedings{selfish,
  author    = {Ayelet Sapirshtein and
               Yonatan Sompolinsky and
               Aviv Zohar},
  title     = {Optimal Selfish Mining Strategies in Bitcoin},
  booktitle = {Financial Cryptography and Data Security - 20th International Conference,
               {FC} 2016, Christ Church, Barbados, February 22-26, 2016, Revised
               Selected Papers},
  pages     = {515--532},
  year      = {2016},
  crossref  = {DBLP:conf/fc/2016},
  url       = {https://doi.org/10.1007/978-3-662-54970-4_30},
  doi       = {10.1007/978-3-662-54970-4_30},
  timestamp = {Wed, 17 May 2017 11:13:47 +0200},
  biburl    = {http://dblp.org/rec/bib/conf/fc/SapirshteinSZ16},
  bibsource = {dblp computer science bibliography, http://dblp.org}
}
@misc{detree,
title={{Decision Tree:}},
howpublished={\url{https://en.wikipedia.org/wiki/Decision_tree}},

key={meek}
}

@inproceedings{hijack,
  author    = {Maria Apostolaki and
               Aviv Zohar and
               Laurent Vanbever},
  title     = {Hijacking Bitcoin: Routing Attacks on Cryptocurrencies},
  booktitle = {2017 {IEEE} Symposium on Security and Privacy, {SP} 2017, San Jose,
               CA, USA, May 22-26, 2017},
  pages     = {375--392},
  year      = {2017},
  url       = {https://doi.org/10.1109/SP.2017.29},
  doi       = {10.1109/SP.2017.29},
  timestamp = {Thu, 14 Feb 2019 16:15:00 +0100},
  biburl    = {https://dblp.org/rec/bib/conf/sp/ApostolakiZV17},
  bibsource = {dblp computer science bibliography, https://dblp.org}
}
@inproceedings{selfish,
  author    = {Yujin Kwon and
               Dohyun Kim and
               Yunmok Son and
               Eugene Y. Vasserman and
               Yongdae Kim},
  title     = {Be Selfish and Avoid Dilemmas: Fork After Withholding {(FAW)} Attacks
               on Bitcoin},
  booktitle = {Proceedings of the 2017 {ACM} {SIGSAC} Conference on Computer and
               Communications Security, {CCS} 2017, Dallas, TX, USA, October 30 -
               November 03, 2017},
  pages     = {195--209},
  year      = {2017},

  url       = {https://doi.org/10.1145/3133956.3134019},
  doi       = {10.1145/3133956.3134019},
  timestamp = {Tue, 06 Nov 2018 11:07:30 +0100},
  biburl    = {https://dblp.org/rec/bib/conf/ccs/KwonKSVK17},
  bibsource = {dblp computer science bibliography, https://dblp.org}
}

@inproceedings{refund,
  author    = {Patrick McCorry and
               Siamak F. Shahandashti and
               Feng Hao},
  title     = {Refund Attacks on Bitcoin's Payment Protocol},
  booktitle = {Financial Cryptography and Data Security - 20th International Conference,
               {FC} 2016, Christ Church, Barbados, February 22-26, 2016, Revised
               Selected Papers},
  pages     = {581--599},
  year      = {2016},
  url       = {https://doi.org/10.1007/978-3-662-54970-4\_34},
  doi       = {10.1007/978-3-662-54970-4\_34},
  timestamp = {Fri, 02 Nov 2018 09:44:01 +0100},
  biburl    = {https://dblp.org/rec/bib/conf/fc/McCorrySH16},
  bibsource = {dblp computer science bibliography, https://dblp.org}
}
@article{majority,
  author    = {Ittay Eyal and
               Emin G{\"{u}}n Sirer},
  title     = {Majority is not enough: bitcoin mining is vulnerable},
  journal   = {Commun. {ACM}},
  volume    = {61},
  number    = {7},
  pages     = {95--102},
  year      = {2018},
  url       = {https://doi.org/10.1145/3212998},
  doi       = {10.1145/3212998},
  timestamp = {Wed, 21 Nov 2018 12:44:29 +0100},
  biburl    = {https://dblp.org/rec/bib/journals/cacm/EyalS18},
  bibsource = {dblp computer science bibliography, https://dblp.org}
}

@inproceedings{double,
  author    = {Ghassan Karame and
               Elli Androulaki and
               Srdjan Capkun},
  title     = {Double-spending fast payments in bitcoin},
  booktitle = {the {ACM} Conference on Computer and Communications Security, CCS'12,
               Raleigh, NC, USA, October 16-18, 2012},
  pages     = {906--917},
  year      = {2012},
  url       = {https://doi.org/10.1145/2382196.2382292},
  doi       = {10.1145/2382196.2382292},
  timestamp = {Tue, 06 Nov 2018 11:07:29 +0100},
  biburl    = {https://dblp.org/rec/bib/conf/ccs/KarameAC12},
  bibsource = {dblp computer science bibliography, https://dblp.org}
}

@inproceedings{traffic_bitcoin,
  author    = {Philip Koshy and
               Diana Koshy and
               Patrick D. McDaniel},
  title     = {An Analysis of Anonymity in Bitcoin Using {P2P} Network Traffic},
  booktitle = {Financial Cryptography and Data Security - 18th International Conference,
               {FC} 2014, Christ Church, Barbados, March 3-7, 2014, Revised Selected
               Papers},
  pages     = {469--485},
  year      = {2014},
  url       = {https://doi.org/10.1007/978-3-662-45472-5\_30},
  doi       = {10.1007/978-3-662-45472-5\_30},
  timestamp = {Fri, 26 May 2017 00:50:27 +0200},
  biburl    = {https://dblp.org/rec/bib/conf/fc/KoshyKM14},
  bibsource = {dblp computer science bibliography, https://dblp.org}
}




%%%%%%%%%%%%%%%%%%%%%%%%%%%%%%%%%%%%%%%%%%%%%%%%%%%%
@misc{meek,
title={{meek Pluggable Transport}},
howpublished={\url{https://trac.torproject.org/projects/tor/wiki/doc/meek}},
key={meek}
}
@misc{caida,
title={{Caida Dataset}},
howpublished={\url{https://www.caida.org/data/monitors/passive-equinix-nyc.xml}},
key={meek}
}
@inproceedings{meek-PETS,
  title={{Blocking-resistant Communication through Domain Fronting}},
  author={David Fifield and Chang Lan and Rod Hynes and Percy Wegmann and Vern Paxson},
  booktitle={{PETS}},
  year={2015}
  
}
@inproceedings{tcp_p2p,
  author    = {Thomas Karagiannis and
               Andre Broido and
               Michalis Faloutsos and
               Kimberly C. Claffy},
  title     = {Transport layer identification of {P2P} traffic},
  booktitle = {Proceedings of the 4th {ACM} {SIGCOMM} Internet Measurement Conference,
               {IMC} 2004, Taormina, Sicily, Italy, October 25-27, 2004},
  pages     = {121--134},
  year      = {2004},
  url       = {https://doi.org/10.1145/1028788.1028804},
  doi       = {10.1145/1028788.1028804},
  timestamp = {Tue, 06 Nov 2018 11:07:19 +0100},
  biburl    = {https://dblp.org/rec/bib/conf/imc/KaragiannisBFC04},
  bibsource = {dblp computer science bibliography, https://dblp.org}
}
@article{prot_fing,
  author    = {Manuel Crotti and
               Maurizio Dusi and
               Francesco Gringoli and
               Luca Salgarelli},
  title     = {Traffic classification through simple statistical fingerprinting},
  journal   = {Computer Communication Review},
  volume    = {37},
  number    = {1},
  pages     = {5--16},
  year      = {2007},
  url       = {https://doi.org/10.1145/1198255.1198257},
  doi       = {10.1145/1198255.1198257},
  timestamp = {Tue, 06 Nov 2018 12:51:52 +0100},
  biburl    = {https://dblp.org/rec/bib/journals/ccr/CrottiDGS07},
  bibsource = {dblp computer science bibliography, https://dblp.org}
}

@article{survey_ml,
  author    = {Thuy T. T. Nguyen and
               Grenville J. Armitage},
  title     = {A survey of techniques for internet traffic classification using machine
               learning},
  journal   = {{IEEE} Communications Surveys and Tutorials},
  volume    = {10},
  number    = {1-4},
  pages     = {56--76},
  year      = {2008},
  url       = {https://doi.org/10.1109/SURV.2008.080406},
  doi       = {10.1109/SURV.2008.080406},
  timestamp = {Sat, 27 May 2017 14:23:15 +0200},
  biburl    = {https://dblp.org/rec/bib/journals/comsur/NguyenA08},
  bibsource = {dblp computer science bibliography, https://dblp.org}
}
@inproceedings{blinc,
  author    = {Thomas Karagiannis and
               Konstantina Papagiannaki and
               Michalis Faloutsos},
  title     = {{BLINC:} multilevel traffic classification in the dark},
  booktitle = {Proceedings of the {ACM} {SIGCOMM} 2005 Conference on Applications,
               Technologies, Architectures, and Protocols for Computer Communications,
               Philadelphia, Pennsylvania, USA, August 22-26, 2005},
  pages     = {229--240},
  year      = {2005},
  url       = {https://doi.org/10.1145/1080091.1080119},
  doi       = {10.1145/1080091.1080119},
  timestamp = {Tue, 06 Nov 2018 11:07:11 +0100},
  biburl    = {https://dblp.org/rec/bib/conf/sigcomm/KaragiannisPF05},
  bibsource = {dblp computer science bibliography, https://dblp.org}
}
@inproceedings{ports,
  author    = {Thomas Karagiannis and
               Andre Broido and
               Nevil Brownlee and
               kc claffy and
               Michalis Faloutsos},
  title     = {Is {P2P} dying or just hiding? {[P2P} traffic measurement]},
  booktitle = {Proceedings of the Global Telecommunications Conference, 2004. {GLOBECOM}
               '04, Dallas, Texas, USA, 29 November - 3 December 2004},
  pages     = {1532--1538},
  year      = {2004},
  url       = {https://doi.org/10.1109/GLOCOM.2004.1378239},
  doi       = {10.1109/GLOCOM.2004.1378239},
  timestamp = {Tue, 23 May 2017 01:12:51 +0200},
  biburl    = {https://dblp.org/rec/bib/conf/globecom/KaragiannisBBcF04},
  bibsource = {dblp computer science bibliography, https://dblp.org}
}

@misc{keras,
author = {François Chollet },
title = {keras},
year = {2015},
publisher = {GitHub},
journal = {GitHub repository},
howpublished = {\url{https://github.com/fchollet/keras}},
commit = {5bcac37}
}
@inproceedings{deepcore,
  author    = {Milad Nasr and
               Alireza Bahramali and
               Amir Houmansadr},
  title     = {DeepCorr: Strong Flow Correlation Attacks on Tor Using Deep Learning},
  booktitle = {Proceedings of the 2018 {ACM} {SIGSAC} Conference on Computer and
               Communications Security, {CCS} 2018, Toronto, ON, Canada, October
               15-19, 2018},
  pages     = {1962--1976},
  year      = {2018},
  url       = {https://doi.org/10.1145/3243734.3243824},
  doi       = {10.1145/3243734.3243824},
  timestamp = {Wed, 21 Nov 2018 12:44:06 +0100},
  biburl    = {https://dblp.org/rec/bib/conf/ccs/NasrBH18},
  bibsource = {dblp computer science bibliography, https://dblp.org}
}
@misc{tensorflow2015-whitepaper,
title={ {TensorFlow}: Large-Scale Machine Learning on Heterogeneous Systems},
url={https://www.tensorflow.org/},
note={Software available from tensorflow.org},
author={
    Mart\'{\i}n~Abadi and
    Ashish~Agarwal and
    Paul~Barham and
    Eugene~Brevdo and
    Zhifeng~Chen and
    Craig~Citro and
    Greg~S.~Corrado and
    Andy~Davis and
    Jeffrey~Dean and
    Matthieu~Devin and
    Sanjay~Ghemawat and
    Ian~Goodfellow and
    Andrew~Harp and
    Geoffrey~Irving and
    Michael~Isard, et al},
  year={2015},
}
@article{adam,
  author    = {Diederik P. Kingma and
               Jimmy Ba},
  title     = {Adam: {A} Method for Stochastic Optimization},
  journal   = {CoRR},
  volume    = {abs/1412.6980},
  year      = {2014},
  url       = {http://arxiv.org/abs/1412.6980},
  archivePrefix = {arXiv},
  eprint    = {1412.6980},
  timestamp = {Mon, 13 Aug 2018 16:47:35 +0200},
  biburl    = {https://dblp.org/rec/bib/journals/corr/KingmaB14},
  bibsource = {dblp computer science bibliography, https://dblp.org}
}
@inproceedings{CacheBrowser,
 title={{Cache{B}rowser: {B}ypassing Chinese Censorship without Proxies Using Cached Content}},
 author={John Holowczak and Amir Houmansadr},
 booktitle={CCS},
 year={2015}
}
@inproceedings{Wang:2015-seeThroughFirewalls,
 author = {Wang, Liang and Dyer, Kevin and Akella, Aditya and Ristenpart, Thomas and Shrimpton, Thomas},
 title = {{Seeing Through Network-Protocol Obfuscation}},
 booktitle = {ACM CCS},
 year = {2015}
} 

@inproceedings{DecoyCosts,
  title={{No Direction Home: {T}he True Cost of Routing Around Decoys}},
  author={Amir Houmansadr and Edmund L. Wong and Vitaly Shmatikov},
  booktitle={NDSS},
  year={2014}
}

@inproceedings{borisov2006computational,
  title={Computational puzzles as sybil defenses},
  author={Borisov, Nikita},
  booktitle={{Peer-to-Peer Computing}},
  year={2006}
}
@misc{Leberknight2010,
author = {Leberknight, C. and Chiang, M. and Poor, H. and Wong, F.},
title = {{A Taxonomy of Internet Censorship and Anti-censorship}},
howpublished = "\url{http://www.princeton.edu/~chiangm/anticensorship.pdf}",
year = {2010}
}

year = {2013},
author = "J.~Kaiman",
@misc{guardian,
key = "guardian",
title = "{Activists Say They Have Found Way Round {Chinese} 
         Internet Censorship}",
howpublished = "\url{http://www.theguardian.com/world/2013/nov/18/ activists-chinese-internet-censorship-mirror-sites}",
}

@misc{googletransparency,
key = {Google},
title = {{Google Transparency Report}},
howpublished = "\url{http://www.google.com/transparencyreport/traffic/}"
}

@misc{gifc:07,
howpublished = {\url{http://www.internetfreedom.org/archive/Defeat\_Internet\_Censorship\_White\_Paper.pdf}},
publisher = {Global Internet Freedom Consortium (GIFC)},
title = {{Defeat Internet Censorship: Overview of Advanced Technologies and Products}},
type = {White Paper},
year = {2007},
key={defeatcensorship}
}

@Article{Dusi:2009,
  author =	"M. Dusi and M. Crotti and F. Gringoli and L.
		 Salgarelli",
  title =	{Tunnel Hunter: {D}etecting Application-layer Tunnels
		 with Statistical Fingerprinting},
  journal =	"Computer Networks",
  volume =	"53",
  number =	"1",
  pages =	"81--97",
  year = 	"2009"
}

@misc{egypt,
title={{Egypt Leaves the Internet}},
howpublished="\url{http://www.renesys.com/blog/2011/01/egypt-leaves-the-internet.shtml}",
key={egypt}
}

@misc{pluggable-transport,
howpublished = {\url{https://www.torproject.org/docs/pluggable-transports.html.en}},
title = {{Tor: Pluggable Transports}},
publisher = {The Tor Project},
key={PluggableTransports}
}

@inproceedings{freewave,
title={{I Want My Voice to Be Heard: IP over Voice-over-IP for Unobservable Censorship Circumvention}},
author="A.~Houmansadr and T.~Riedl and N.~Borisov and A.~Singer",
booktitle={{NDSS}},
year=2013
}

@InProceedings{censorspoofer,
  title =	{{CensorSpoofer: Asymmetric Communication Using IP Spoofing for Censorship-Resistant Web Browsing}},
  author =	"Q. Wang and X. Gong and G. Nguyen and
		 A. Houmansadr and N. Borisov",
  booktitle =	"CCS",
  year = 	"2012"
}
@InProceedings{skypemorph,
  title =	{{SkypeMorph: Protocol Obfuscation for Tor Bridges}},
  author =	"H. Moghaddam and B. Li and M. Derakhshani and I. Goldberg",
  booktitle =	"CCS",
  year = 	"2012"
}
@inproceedings{stegotorus,
author = {Weinberg, Z. and Wang, J. and Yegneswaran, V. and Briesemeister, L. and Cheung, S. and Wang, F. and Boneh, D.},
booktitle = {CCS},
title = {{StegoTorus: A Camouflage Proxy for the Tor Anonymity System}},
year = {2012}
}
@inproceedings{parrot,
    title={{The Parrot Is Dead: Observing Unobservable Network Communications}},
    author={A. Houmansadr and C. Brubaker and V. Shmatikov},
    booktitle={S\&P},
    year={2013}
}
@misc{knock,
author = "T. Wilde",
title = {{Knock Knock Knockin' on Bridges' Doors}},
year = {2012},
howpublished = "\url{https://blog.torproject.org/blog/knock-knock-knockin-bridges-doors}"
}

@inproceedings{china-tor,
author = {Winter, P. and Lindskog, S.},
title = {{How the Great Firewall of China Is Blocking Tor}},
booktitle = {{FOCI}},
year = {2012}
}

@misc{ultrasurf,
title = {{Ultrasurf}},
howpublished = {\url{http://www.ultrareach.com}},
key={ultrasurf}
}

@misc{meek-cost-2017,
title={[tor-project] Summary of meek's costs, March 2017},
howpublished = {\url{https://lists.torproject.org/pipermail/tor-project/2017-April/001097.html}},
key={meek-cost}
}

@misc{psiphon,
title = {{Psiphon}},
howpublished = {\url{http://psiphon.ca/}},
key={psiphon}
}

@misc{tor-bridge,
author = {Dingledine, R. and Mathewson, N.},
title = {{Design of a Blocking-Resistant Anonymity System}},
howpublished = {\url{https://svn.torproject.org/svn/projects/design-paper/blocking.html}}
}

@InProceedings{McLachlanH09,
  title =	{{On the Risks of Serving Whenever You Surf:
		 Vulnerabilities in Tor's Blocking Resistance Design}},
  author =	"J. McLachlan and N. Hopper",
  booktitle =	"WPES",
  year = 	"2009"
}

@inproceedings{mahdian2010,
  title={{Fighting Censorship with Algorithms}},
  author={Mahdian, M.},
  booktitle={{Fun with Algorithms}},
  year={2010}
  }


@inproceedings{Sovran2008,
author = {Sovran, Y. and Libonati, A. and Li, J.},
booktitle = {IPTPS},
title = {{Pass it on: Social Networks Stymie Censors}},
year = {2008}
}

@inproceedings{rbridge,
author = {Wang, Q. and Lin, Zi and Borisov, N. and Hopper, N.},
booktitle = {{NDSS}},
title = {{rBridge: User Reputation Based Tor Bridge Distribution with Privacy Preservation}},
year = {2013}
}

@inproceedings{sweet,
  author    = {A.~Houmansadr and
               W.~Zhou and
               M.~Caesar and
               N.~Borisov},
  title     = {{SWEET: Serving the Web by Exploiting Email Tunnels}},
  booktitle = {PETS},
  year      = {2013}
}

@misc{obfsproxy,
howpublished = {\url{https://www.torproject.org/projects/obfsproxy.html.en}},
publisher = {The Tor Project},
title = {{A Simple Obfuscating Proxy}},
key={obfsproxy}
}

@misc{rogerslides,
	title={{How Governments Have Tried to Block Tor}},
	howpublished={\url{https://svn.torproject.org/svn/projects/presentations/slides-28c3.pdf}},
	key={torblocking}
}


@misc{discover-bridge,
title = {{Ten Ways to Discover Tor Bridges}},
howpublished= {\url{https://blog.torproject.org/blog/research-problems-ten-ways-discover-tor-bridges}},
key={tenways}
}

@inproceedings{telex,
author = {Wustrow, E. and Wolchok, S. and Goldberg, I. and Halderman, J.},
booktitle = {USENIX Security},
title = {{Telex: Anticensorship in the Network Infrastructure}},
year = {2011}
}

@inproceedings{cirripede,
author = {Houmansadr, A. and Nguyen, G. and Caesar, M. and Borisov, N.},
booktitle = {CCS},
title = {{Cirripede: Circumvention Infrastructure Using Router Redirection with Plausible Deniability}},
year = {2011}
}

@inproceedings{decoyrouting,
author = {Karlin, J. and Ellard, D. and Jackson, A. and Jones, C. and Lauer, G. and Mankins, D. and Strayer, W.},
booktitle = {{FOCI}},
title = {{Decoy Routing: Toward Unblockable Internet Communication}},
year = {2011}
}

@InProceedings{routing-around-decoys,
  title =	{{Routing Around Decoys}},
author={M.~Schuchard and J.~Geddes and C.~Thompson and N.~Hopper}, 
  booktitle =	{{CCS}},
  year = 	"2012"
}

@inproceedings{collage,
author = {Burnett, S. and Feamster, N. and Vempala, S.},
booktitle = {USENIX Security},
title = {{Chipping Away at Censorship Firewalls with User-Generated Content}},
year = {2010}
}

@inproceedings{trafAnalTor,
author = {Murdoch, S.J. and Danezis, G.},
booktitle = {S\&P},
title = {{Low-Cost Traffic Analysis of Tor}},
year = {2005}
}

@misc{amazon-condition-use,
title={{Amazon: Conditions of Use}},
howpublished={\url{http://www.amazon.com/gp/help/customer/display.html?ie=UTF8&nodeId=508088}},
key={amazon}
}

@misc{dropbox-acceptable-use,
title={{Dropbox: Acceptable Use Policy}},
howpublished={\url{https://www.dropbox.com/terms#acceptable_use}},
key={dropbox acceptable}
}

@misc{amazon-privacy-notice,
title={{Amazon.com Privacy Notice}},
howpublished={\url{http://www.amazon.com/gp/help/customer/display.html?nodeId=468496}},
key={amazon privacy}
}

@misc{dropbox-privacy,
title={{Dropbox Privacy Policy}},
howpublished={\url{https://www.dropbox.com/privacy}},
key={dropbox privacy}
}

@inproceedings{infranet,
author = {Feamster, N. and Balazinska, M. and Harfst, G. and Balakrishnan, H. and Karger, D.},
booktitle = {USENIX Security},
title = {{Infranet: Circumventing Web Censorship and Surveillance}},
year = {2002}
}

@inproceedings{sun2002statistical,
  title={{Statistical Identification of Encrypted Web Browsing Traffic}},
  author={Sun, Q. and Simon, D.~R. and Wang, Y. and Russell, W. and Padmanabhan, V. and Qiu, L.},
  booktitle={S\&P},
  year={2002}
}

@misc{ethiopia-block-skype,
key={ethiopia},
howpublished={\url{http://www.sudantribune.com/spip.php?article42946}},
title={{Ethiopia Bans Skype, Other VoIP Services}}
}

@misc{ethiopia-denial,
key={ethiopia-denial},
howpublished={\url{http://allafrica.com/stories/201206250202.html}},
title={{Ethiopia: Govt Denies Banning Skype and Other Internet Communication Services}},
}

@misc{iran-block-ssl,
title={{Iran Reportedly Blocking Encrypted Internet Traffic}},
howpublished={\url{http://arstechnica.com/tech-policy/2012/02/ iran-reportedly-blocking-encrypted-internet-traffic}},
key={irancensor}
}




@misc{turkey-censorship1,
	author = {Colin Lecher},
	Howpublished = {\url{http://www.todayszaman.com/national_internet-censorship-reaching-dangerous-levels-in-turkey_393727.html}},
	Key = {turkey cens},
	Title = {{Internet censorship reaching dangerous levels in Turkey}},
	month = {July},
	publisher = {{Today's Zaman}},
	note = "Online Article",
	Year = 2014}

@misc{China-VPN2,
	key ={china vpn},
	title={{China blocks VPN services that let Internet users get around censorship}},
	howpublished={\url{http://www.scmp.com/news/china/article/1689961/china-blocks-vpn-services-let-internet-users-get-\\ around-censorship}},
	month = {January},
	note = "Online Article",
	Year = 2015
}
@misc{iran-censorship,
title={{How Iran Censors The Internet}},
howpublished={\url{http://www.popsci.com/technology/article/2013-03/how-iran-censors-internet-infographic}},
key={iran cens}
}

@misc{australia,
title={{Joining China and Iran, Australia to Filter Internet}},
howpublished={\url{http://www.foxnews.com/scitech/2009/12/15/like-china-iran-australia-filter-internet}},
key={australiacensor}
}

@misc{syria,
title={{Syria Tightens Control over Internet}},
howpublished={\url{http://www.thenational.ae/news/world/middle-east/syria-tightens-control-over-internet}},
key={syria}
}

@article{Leberknight2012,
	author = {Leberknight, Christopher S. and Chiang, Mung and Wong, Felix Ming Fai},
	title = {{A Taxonomy of Censors and Anti-Censors Part II: Anti-Censorship Technologies}},
	journal = {International Journal of E-Politics},
	issue_date = {October 2012},
	volume = {3},
	number = {4},
	month = oct,
	year = {2012},
	issn = {1947-9131},
	pages = {20--35},
	numpages = {16},
	url = {http://dx.doi.org/10.4018/jep.2012100102},
	doi = {10.4018/jep.2012100102},
	acmid = {2517553},
	publisher = {IGI Global},
	address = {Hershey, PA, USA},
	keywords = {Anti-Censorship, Circumvention Technology, Filtering, Internet Censorship, Taxonomy},
}

@inproceedings{censorship2016sok,
  title={{SoK: Towards Grounding Censorship Circumvention in Empiricism}},
  author={Tschantz, Michael Carl and Afroz, Sadia and Paxson, Vern and others},
  booktitle={S\&P)},
  pages={914--933},
  year={2016}
}


@inproceedings{allyourssl,
  title={{The Most Dangerous Code in the World: Validating SSL Certificates in Non-browser Software}},
  author={Georgiev, M. and Iyengar, S. and Jana, S. and Anubhai, R. and Boneh, D. and Shmatikov, V.},
  booktitle={CCS},
  year={2012}
}
@inproceedings{rainbow,
    title={{RAINBOW: A Robust And Invisible Non-Blind Watermark for Network Flows}},
    author={A.~Houmansadr and N.~Kiyavash and N.~Borisov},
    booktitle={NDSS},
    year={2009}
}


@article{vpn2015glance,
  title={{A glance through the VPN looking glass: IPv6 leakage and DNS hijacking in commercial VPN clients}},
  author={Perta, Vasile and Barbera, Marco and Tyson, Gareth and Haddadi, Hamed and Mei, Alessandro},
  journal={Proceedings on Privacy Enhancing Technologies},
  volume={2015},
  number={1},
  pages={77--91},
  year={2015}
}

@inproceedings{vpnGate,
  title={{VPN Gate: A Volunteer-Organized Public VPN Relay System with Blocking Resistance for Bypassing Government Censorship Firewalls}},
  author={Nobori, Daiyuu and Shinjo, Yasushi},
  booktitle={NSDI},
  pages={229--241},
  year={2014}
}

@misc{lantern,
	title = {{Lantern}},
    howpublished= {\url{https://getlantern.org/}},
key= {lantern}
}


@misc{goagent,
title={{GoAgent proxy}},
howpublished={\url{https://code.google.com/p/goagent/}},
key={goagent}
}

@misc{anonymizer,
title={{Anonymizer}},
howpublished={\url{https://www.anonymizer.com/}},
key={anonymizer}
}

@misc{tordirectory,
title={{Tor Directory Servers and Their URLs}},
howpublished={\url{https://silvertunnel.org/doc/tor-directory-server-urls.html}},
key={tordirectory}
}

@misc{gae,
title={{Google App Engine}},
howpublished={\url{https://developers.google.com/appengine/}},
key={gae}
}

@misc{china-github,
title={{China's GitHub Censorship Dilemma}},
howpublished={\url{http://mobile.informationweek.com/80269/show/72e30386728f45f56b343ddfd0fdb119/}},
key={github}
}

@misc{amazon-volume,
title={{Amazon S3 -- Two Trillion Objects, 1.1 Million Requests/Second}},
howpublished={\url{http://aws.typepad.com/aws/2013/04/amazon-s3-two-trillion-objects-11-million-requests-second.html}},
key={amazon volume}
}

@misc{torcloud,
title={{The Tor Cloud Project}},
howpublished={\url{https://cloud.torproject.org/}},
key={tor cloud}
}

@inproceedings{blum:raid04,
author = {Blum, A. and Song, D. and Venkataraman, S.},
booktitle = {RAID},
title = {{Detection of Interactive Stepping Stones: Algorithms and Confidence Bounds}},
year = {2004}
}

@inproceedings{donoho:raid02,
booktitle = {RAID},
author = {Donoho, D. and Flesia, A. and Shankar, U. and Paxson, V. and Coit, J. and Staniford, S.},
title = {{Multiscale Stepping-Stone Detection: Detecting Pairs of Jittered Interactive Streams by Exploiting Maximum Tolerable Delay}},
year = {2002}
}

@inproceedings{wang:ccs03,
author = {Wang, X. and Reeves, D.},
booktitle = {CCS},
title = {{Robust Correlation of Encrypted Attack Traffic Through Stepping Stones by Manipulation of Interpacket Delays}},
year = {2003}
}

@inproceedings{swirl,
author = {Houmansadr, A. and Borisov, N.},
booktitle = {NDSS},
title = {{SWIRL: A Scalable Watermark to Detect Correlated Network Flows}},
year = {2011}
}

  author =	{B.~Ramsdell},
@misc{smime,
 key = "rfc3851",
 title =	{{Secure/Multipurpose Internet Mail Extensions
		 (S/MIME) Version 3.1 Message Specification}},
 howpublished = "\url{http://www.ietf.org/rfc/rfc3851.txt}",
 year = 	"2004"
}

@inproceedings{traffic-morphing,
author = {Wright, C. and Coull, S. and Monrose, F.},
booktitle = {NDSS},
title = {{Traffic Morphing: An Efficient Defense Against Statistical Traffic Analysis}},
year = {2009}
}

@inproceedings{httpos,
  title={{HTTPOS: Sealing Information Leaks with Browser-side Obfuscation of Encrypted Flows}},
  author={Luo, X. and Zhou, P. and Chan, E. and Lee, W. and Chang, R. and Perdisci, R.},
  booktitle={NDSS},
  year={2011}
}

@inproceedings{webshield,
  title={{WebShield: Enabling Various Web Defense Techniques without Client Side Modifications}},
  author={Li, Z. and Yi, T. and Cao, Y. and Rastogi, V. and Chen, Y. and Liu, B. and Sbisa, C.},
  booktitle={NDSS},
  year={2011}
}

@inproceedings{fing-attacks-defenses,
  title={{Touching from a Distance: Website Fingerprinting Attacks and Defenses}},
  author={Cai, X. and Zhang, X. and Joshi, B. and Johnson, R.},
  booktitle={CCS},
  year={2012}
}

@inproceedings{tor-fing,
  title={{Website Fingerprinting in Onion Routing Based Anonymization Networks}},
  author={Panchenko, A. and Niessen, L. and Zinnen, A. and Engel, T.},
  booktitle={WPES},
  year={2011}
}

@article{browsershield,
  title={{BrowserShield: Vulnerability-Driven Filtering of Dynamic HTML}},
  author={Reis, C. and Dunagan, J. and Wang, H. and Dubrovsky, O. and Esmeir, S.},
  journal={ACM Transactions on the Web},
  volume={1},
  number={3},
  pages={11},
  year={2007}
}

@misc{tor-morph,
author={G.~Kadianakis},
title={{Packet Size Pluggable Transport and Traffic Morphing}},
howpublished={{Tor Tech Report 2012-03-004}},
year=2012
}

@inproceedings{fte,
    author = {K.~Dyer and S.~Coull and T.~Ristenpart and T.~Shrimpton},
    title = "{Protocol Misidentification Made Easy with 
             Format-transforming Encryption}",
    booktitle = "{CCS}",
    year = {2013}
}


@inproceedings{tor,
 author = {R.~Dingledine and N.~Mathewson and P.~Syverson},
 title = {{Tor: The Second-generation Onion Router}},
 booktitle = {USENIX Security},
 year = 2004
}

@inproceedings{evans09,
  title={{A Practical Congestion Attack on Tor using Long Paths}},
  author={Evans, N. and Dingledine, R. and Grothoff, C.},
  booktitle={USENIX Security},
  year={2009}
}

@inproceedings{cor,
  title={{Hiding Amongst the Clouds: A Proposal for Cloud-based Onion Routing}},
  author={Jones, N. and Arye, M. and Cesareo, J. and Freedman, M.},
  year={2011},
 booktitle = {FOCI}
}

@inproceedings{dust-cloud,
  title={{Using Dust Clouds to Enhance Anonymous Communication}},
  author={Mortier, R. and Madhavapeddy, A. and Hong, T. and Murray, D. and Schwarzkopf, M.},
  booktitle={{IWSP}},
  year={2010}
}

@misc{sandvine,
title = {{Sandvine Global Internet Phenomena Report - 1H 2014}},
year = {2014},
howpublished = "\url{https://www.sandvine.com/downloads/general/global-internet-phenomena/2014/1h-2014-global-internet-phenomena-report.pdf}",
key="sandvine"
}


@misc{netflix,
title = {{Netflix Streaming Eats Up 35\% of Downstream Internet Traffic: Study}},
year = {2014},
howpublished = "\url{http://variety.com/2014/digital/news/netflix-streaming-eats-up-35-of-downstream-internet-bandwidth-usage-study-1201360914/}", 
key="netflix"
}

@misc{CollateralFreedom,
title = {{Collateral Freedom: A Snapshot of Chinese Internet Users Circumventing Censorship}},
year = {2013},
howpublished = "\url{https://openitp.org/pdfs/CollateralFreedom.pdf}", 
key= "CollateralFreedom",
organization="OpenITP"
}

@inproceedings{facet,
  title={{Facet: Streaming over Videoconferencing for Censorship Circumvention}},
  author={Li, S. and Schliep, M. and Hopper, N.},
  booktitle={WPES},
  year={2014}
}

@inproceedings{CloudTransport,
 title={{CloudTransport: Using Cloud Storage for Censorship-Resistant Networking}},
 author={C.~Brubaker and A.~Houmansadr and V.~Shmatikov},
 booktitle={PETS},
 year={2014}
}

@InProceedings{coverack,
  title =	{{Cover Your ACKs: Pitfalls of Covert
Channel Censorship Circumvention}},
author={J.~Geddes and M.~Schuchard and N.~Hopper}, 
  booktitle =	{{CCS}},
  year = 	"2013"
}

@misc{turkey-twitter,
title = {{Turkey bans Twitter -- and Twitter explodes}},
year = {2014},
howpublished = "\url{http://www.washingtonpost.com/news/morning-mix/wp/2014/03/21/turkey-bans-twitter-and-twitter-explodes/}", 
key="turkey"
}

@misc{hongkong-censorship,
title = {{Social Media and the Hong Kong Protests}},
month = {{October}},
year = {2014},
howpublished = "\url{http://www.newyorker.com/tech/elements/social-media-hong-kong-protests}", 
key="hongkong"
}


  author={Bellare, M. and Kohno, T. and Namprempre, C.},
@misc{bellare2006secure,
 key = "rfc4344",
 title={{The Secure Shell (SSH) Transport Layer Encryption Modes}},
 year={2006},
 howpublished = "\url{http://www.ietf.org/rfc/rfc4344.txt}",
}

@misc{h264,
 title={{ITU-T Recommendation H.264: Advanced video coding for generic audiovisual services}},
 year={2003},
 author={{International Telecommunication Union}},
 howpublished="\url{http://www.itu.int/rec/dologin_pub.asp?lang=e&id=T-REC-H.264-200305-S!!PDF-E}",
}

@misc{vp6,
 title={{VP6 Bitstream \& Decoder Specification}},
 year={2006},
 author={{On2 Technologies Inc.}},
 howpublished="\url{http://multimedia.cx/mirror/vp6_format.pdf}",
}

@inproceedings{nguyen2013,
  title={POSTER: PnP: improving web browsing performance over tor using web resource prefetch-and-push},
  author={Nguyen, Giang TK and Gong, Xun and Das, Anupam and Borisov, Nikita},
  booktitle={CCS},
  pages={1433--1436},
  year={2013}
}

@inproceedings{herrmann2009website,
  title={{Website fingerprinting: attacking popular privacy enhancing technologies with the multinomial na{\"\i}ve-bayes classifier}},
  author={Herrmann, D. and Wendolsky, R. and Federrath, H.},
  booktitle={{Cloud Computing Security}},
  year={2009}
}

@inproceedings{peekaboo,
  title={{Peek-a-boo, I still see you: Why efficient traffic analysis countermeasures fail}},
  author={Dyer, K. and Coull, S. and Ristenpart, T. and Shrimpton, T.},
  booktitle={S\&P},
  year={2012}
}

@inproceedings{wright2007language,
  title={{Language identification of encrypted VoIP traffic: Alejandra y Roberto or Alice and Bob?}},
  author={Wright, C. and Ballard, L. and Monrose, F. and Masson, G.},
  booktitle={{USENIX Security}},
  year={2007}
}

@article{KL,
  title={On information and sufficiency},
  author={Kullback, S. and Leibler, R.~A.},
  journal={{The Annals of Mathematical Statistics}},
  pages={79--86},
  year={1951}
}

@book{nisanalgorithmic,
  title={Algorithmic game theory},
  author={Nisan, Noam and Roughgarden, Tim and Tardos, Eva and Vazirani, Vijay},
  volume={1},
  year={2007},
  publisher={Cambridge University Press}
}

@article{fudenberg1991perfect,
  title={Perfect Bayesian equilibrium and sequential equilibrium},
  author={Fudenberg, Drew and Tirole, Jean},
  journal={Journal of Economic Theory},
  volume={53},
  number={2},
  pages={236--260},
  year={1991}
}


@book{fudenberg1991game,
  title={Game Theory},
  author={Fudenberg, Drew and Tirole, Jean},
  year={1991},
	publisher = {MIT Press}
}


@inproceedings{mahdian2010fighting,
  title={Fighting censorship with algorithms},
  author={Mahdian, Mohammad},
  booktitle={Fun with Algorithms},
  pages={296--306},
  year={2010},
  organization={Springer}
}

@article{mccoy2011proximax,
  title={Proximax: {A} measurement based system for proxies dissemination},
  author={McCoy, Damon and Morales, Jose Andre and Levchenko, Kirill},
  journal={Financial Cryptography and Data Security},
  year={2011}
}


@book{shoham2008multiagent,
  title={Multiagent systems: {A}lgorithmic, game-theoretic, and logical foundations},
  author={Shoham, Yoav and Leyton-Brown, Kevin},
  year={2008},
  publisher={Cambridge University Press}
}


@article{papadimitriou2008computing,
  title={Computing correlated equilibria in multi-player games},
  author={Papadimitriou, Christos and Roughgarden, Tim},
  journal={Journal of the ACM},
  volume={55},
  number={3},
  pages={14},
  year={2008}
}

@article{gale1962college,
	title={College admissions and the stability of marriage},
	author={Gale, D. and Shapley, L. S.},
	journal={The American Mathematical Monthly},
	volume={69},
	number={1},
	pages={9--15},
	year={1962}
}

@inproceedings{saad2014college,
	title={A college admissions game for uplink user association in wireless small cell networks},
	author={Saad, W. and Han, Z. and Zheng, R. and Debbah, M. and Poor, H. V.},
	booktitle={INFOCOM},
	pages={1096--1104},
	year={2014}
}

@book{ahuja1993network,
  title={Network flows: {T}heory, algorithms, and applications},
  author={Ahuja, Ravindra and Magnanti, Thomas and Orlin, James},
  year={1993},
  publisher={Prentice hall}
}
@inproceedings{feamster2003thwarting,
  title={Thwarting web censorship with untrusted messenger discovery},
  author={Feamster, Nick and Balazinska, Magdalena and Wang, Winston and Balakrishnan, Hari and Karger, David},
  booktitle={PETS},
  pages={125--140},
  year={2003}
}

@misc{tor_metrics,
title = {{Tor Metrics}},
howpublished = {\url{https://metrics.torproject.org/}},
key={TorMetrics}
}

@article{Abdulkadirouglu05,
  title={The {B}oston public school match},
  author={Abdulkadiro{\u{g}}lu, Atila and Pathak, Parag and Roth, Alvin and S{\"o}nmez, Tayfun},
  journal={American Economic Review},
  pages={368--371},
  year={2005}
}

@article{Roth04,
  title={Kidney exchange},
  author={Roth, Alvin and S{\"o}nmez, Tayfun and {\"U}nver, Utku},
  journal={The Quarterly Journal of Economics},
  volume={119},
  number={2},
  pages={457--488},
  year={2004}
}

@article{Roth08,
  title={Deferred acceptance algorithms: {H}istory, theory, practice, and open questions},
  author={Roth, Alvin},
  journal={International Journal of Game Theory},
  volume={36},
  number={3},
  pages={537--569},
  year={2008}
}



@inproceedings{mlEffi,
  author    = {Wei Li and
               Andrew W. Moore},
  title     = {A Machine Learning Approach for Efficient Traffic Classification},
  booktitle = {15th International Symposium on Modeling, Analysis, and Simulation
               of Computer and Telecommunication Systems {(MASCOTS} 2007), October
               24-26, 2007, Istanbul, Turkey},
  pages     = {310--317},
  year      = {2007},
  url       = {https://doi.org/10.1109/MASCOTS.2007.2},
  doi       = {10.1109/MASCOTS.2007.2},
  timestamp = {Fri, 26 May 2017 00:49:30 +0200},
  biburl    = {https://dblp.org/rec/bib/conf/mascots/LiM07},
  bibsource = {dblp computer science bibliography, https://dblp.org}
}
@inproceedings{hist,
  author    = {Dominik Herrmann and
               Rolf Wendolsky and
               Hannes Federrath},
  title     = {Website fingerprinting: attacking popular privacy enhancing technologies
               with the multinomial na{\"{\i}}ve-bayes classifier},
  booktitle = {Proceedings of the first {ACM} Cloud Computing Security Workshop,
               {CCSW} 2009, Chicago, IL, USA, November 13, 2009},
  pages     = {31--42},
  year      = {2009},
  url       = {http://doi.acm.org/10.1145/1655008.1655013},
  doi       = {10.1145/1655008.1655013},
  timestamp = {Wed, 25 Jan 2012 19:35:28 +0100},
  biburl    = {https://dblp.org/rec/bib/conf/ccs/HerrmannWF09},
  bibsource = {dblp computer science bibliography, https://dblp.org}
}
@article{semi,
  author    = {Jeffrey Erman and
               Anirban Mahanti and
               Martin F. Arlitt and
               Ira Cohen and
               Carey L. Williamson},
  title     = {Offline/realtime traffic classification using semi-supervised learning},
  journal   = {Perform. Eval.},
  volume    = {64},
  number    = {9-12},
  pages     = {1194--1213},
  year      = {2007},
  url       = {https://doi.org/10.1016/j.peva.2007.06.014},
  doi       = {10.1016/j.peva.2007.06.014},
  timestamp = {Sat, 27 May 2017 14:23:30 +0200},
  biburl    = {https://dblp.org/rec/bib/journals/pe/ErmanMACW07},
  bibsource = {dblp computer science bibliography, https://dblp.org}
}
@article{trafficClassSVM,
  author    = {Jie Cao and
               Zhiyi Fang and
               Guannan Qu and
               Hongyu Sun and
               Dan Zhang},
  title     = {An accurate traffic classification model based on support vector machines},
  journal   = {Int. Journal of Network Management},
  volume    = {27},
  number    = {1},
  year      = {2017},
  url       = {https://doi.org/10.1002/nem.1962},
  doi       = {10.1002/nem.1962},
  timestamp = {Tue, 02 Jan 2018 03:56:56 +0100},
  biburl    = {https://dblp.org/rec/bib/journals/ijnm/CaoFQSZ17},
  bibsource = {dblp computer science bibliography, https://dblp.org}
}@article{svm2,
  author    = {Ruixi Yuan and
               Zhu Li and
               Xiaohong Guan and
               Li Xu},
  title     = {An SVM-based machine learning method for accurate internet traffic
               classification},
  journal   = {Information Systems Frontiers},
  volume    = {12},
  number    = {2},
  pages     = {149--156},
  year      = {2010},
  url       = {https://doi.org/10.1007/s10796-008-9131-2},
  doi       = {10.1007/s10796-008-9131-2},
  timestamp = {Sun, 28 May 2017 13:23:05 +0200},
  biburl    = {https://dblp.org/rec/bib/journals/isf/YuanLGX10},
  bibsource = {dblp computer science bibliography, https://dblp.org}
}
@article{struct,
  author    = {Micha Ober and
               Stefan Katzenbeisser and
               Kay Hamacher},
  title     = {Structure and Anonymity of the Bitcoin Transaction Graph},
  journal   = {Future Internet},
  volume    = {5},
  number    = {2},
  pages     = {237--250},
  year      = {2013},
  url       = {https://doi.org/10.3390/fi5020237},
  doi       = {10.3390/fi5020237},
  timestamp = {Tue, 14 Aug 2018 13:42:08 +0200},
  biburl    = {https://dblp.org/rec/bib/journals/fi/OberKH13},
  bibsource = {dblp computer science bibliography, https://dblp.org}
}
@inproceedings{privacy_anon,
  author    = {Elli Androulaki and
               Ghassan Karame and
               Marc Roeschlin and
               Tobias Scherer and
               Srdjan Capkun},
  title     = {Evaluating User Privacy in Bitcoin},
  booktitle = {Financial Cryptography and Data Security - 17th International Conference,
               {FC} 2013, Okinawa, Japan, April 1-5, 2013, Revised Selected Papers},
  pages     = {34--51},
  year      = {2013},
  url       = {https://doi.org/10.1007/978-3-642-39884-1\_4},
  doi       = {10.1007/978-3-642-39884-1\_4},
  timestamp = {Fri, 26 May 2017 00:50:26 +0200},
  biburl    = {https://dblp.org/rec/bib/conf/fc/AndroulakiKRSC13},
  bibsource = {dblp computer science bibliography, https://dblp.org}
}
@inproceedings{analysis_anon,
  author    = {Fergal Reid and
               Martin Harrigan},
  title     = {An Analysis of Anonymity in the Bitcoin System},
  booktitle = {PASSAT/SocialCom 2011, Privacy, Security, Risk and Trust (PASSAT),
               2011 {IEEE} Third International Conference on and 2011 {IEEE} Third
               International Conference on Social Computing (SocialCom), Boston,
               MA, USA, 9-11 Oct., 2011},
  pages     = {1318--1326},
  year      = {2011},
  url       = {https://doi.org/10.1109/PASSAT/SocialCom.2011.79},
  doi       = {10.1109/PASSAT/SocialCom.2011.79},
  timestamp = {Thu, 14 Feb 2019 15:07:31 +0100},
  biburl    = {https://dblp.org/rec/bib/conf/socialcom/ReidH11},
  bibsource = {dblp computer science bibliography, https://dblp.org}
}
@inproceedings{quant,
  author    = {Dorit Ron and
               Adi Shamir},
  title     = {Quantitative Analysis of the Full Bitcoin Transaction Graph},
  booktitle = {Financial Cryptography and Data Security - 17th International Conference,
               {FC} 2013, Okinawa, Japan, April 1-5, 2013, Revised Selected Papers},
  pages     = {6--24},
  year      = {2013},
  url       = {https://doi.org/10.1007/978-3-642-39884-1\_2},
  doi       = {10.1007/978-3-642-39884-1\_2},
  timestamp = {Fri, 26 May 2017 00:50:27 +0200},
  biburl    = {https://dblp.org/rec/bib/conf/fc/RonS13},
  bibsource = {dblp computer science bibliography, https://dblp.org}
}
@article{fist,
  author    = {Sarah Meiklejohn and
               Marjori Pomarole and
               Grant Jordan and
               Kirill Levchenko and
               Damon McCoy and
               Geoffrey M. Voelker and
               Stefan Savage},
  title     = {A fistful of Bitcoins: characterizing payments among men with no names},
  journal   = {Commun. {ACM}},
  volume    = {59},
  number    = {4},
  pages     = {86--93},
  year      = {2016},
  url       = {https://doi.org/10.1145/2896384},
  doi       = {10.1145/2896384},
  timestamp = {Tue, 06 Nov 2018 12:51:40 +0100},
  biburl    = {https://dblp.org/rec/bib/journals/cacm/MeiklejohnPJLMV16},
  bibsource = {dblp computer science bibliography, https://dblp.org}
}
@article{deanom3,
  author    = {QingChun ShenTu and
               Jianping Yu},
  title     = {Research on Anonymization and De-anonymization in the Bitcoin System},
  journal   = {CoRR},
  volume    = {abs/1510.07782},
  year      = {2015},
  url       = {http://arxiv.org/abs/1510.07782},
  archivePrefix = {arXiv},
  eprint    = {1510.07782},
  timestamp = {Mon, 13 Aug 2018 16:48:58 +0200},
  biburl    = {https://dblp.org/rec/bib/journals/corr/ShenTuY15b},
  bibsource = {dblp computer science bibliography, https://dblp.org}
}
@inproceedings{deanom2,
  author    = {Giulia C. Fanti and
               Pramod Viswanath},
  title     = {Deanonymization in the Bitcoin {P2P} Network},
  booktitle = {Advances in Neural Information Processing Systems 30: Annual Conference
               on Neural Information Processing Systems 2017, 4-9 December 2017,
               Long Beach, CA, {USA}},
  pages     = {1364--1373},
  year      = {2017},
  url       = {http://papers.nips.cc/paper/6735-deanonymization-in-the-bitcoin-p2p-network},
  timestamp = {Mon, 27 Nov 2017 12:38:48 +0100},
  biburl    = {https://dblp.org/rec/bib/conf/nips/FantiV17},
  bibsource = {dblp computer science bibliography, https://dblp.org}
}
@inproceedings{deanom1,
  author    = {Alex Biryukov and
               Dmitry Khovratovich and
               Ivan Pustogarov},
  title     = {Deanonymisation of Clients in Bitcoin {P2P} Network},
  booktitle = {Proceedings of the 2014 {ACM} {SIGSAC} Conference on Computer and
               Communications Security, Scottsdale, AZ, USA, November 3-7, 2014},
  pages     = {15--29},
  year      = {2014},
  url       = {https://doi.org/10.1145/2660267.2660379},
  doi       = {10.1145/2660267.2660379},
  timestamp = {Tue, 06 Nov 2018 11:07:31 +0100},
  biburl    = {https://dblp.org/rec/bib/conf/ccs/BiryukovKP14},
  bibsource = {dblp computer science bibliography, https://dblp.org}
}

@article{bays2,
  author    = {Tom Auld and
               Andrew W. Moore and
               Stephen F. Gull},
  title     = {Bayesian Neural Networks for Internet Traffic Classification},
  journal   = {{IEEE} Trans. Neural Networks},
  volume    = {18},
  number    = {1},
  pages     = {223--239},
  year      = {2007},
  url       = {https://doi.org/10.1109/TNN.2006.883010},
  doi       = {10.1109/TNN.2006.883010},
  timestamp = {Fri, 09 Jun 2017 11:03:16 +0200},
  biburl    = {https://dblp.org/rec/bib/journals/tnn/AuldMG07},
  bibsource = {dblp computer science bibliography, https://dblp.org}
}
@inproceedings{MooreZ05,
  author    = {Andrew W. Moore and
               Denis Zuev},
  title     = {Internet traffic classification using bayesian analysis techniques},
  booktitle = {Proceedings of the International Conference on Measurements and Modeling
               of Computer Systems, {SIGMETRICS} 2005, June 6-10, 2005, Banff, Alberta,
               Canada},
  pages     = {50--60},
  year      = {2005},
  url       = {http://doi.acm.org/10.1145/1064212.1064220},
  doi       = {10.1145/1064212.1064220},
  timestamp = {Mon, 05 Jun 2017 12:43:10 +0200},
  biburl    = {https://dblp.org/rec/bib/conf/sigmetrics/MooreZ05},
  bibsource = {dblp computer science bibliography, https://dblp.org}
}
@inproceedings{myth,
  author    = {Hyunchul Kim and
               Kimberly C. Claffy and
               Marina Fomenkov and
               Dhiman Barman and
               Michalis Faloutsos and
               KiYoung Lee},
  title     = {Internet traffic classification demystified: myths, caveats, and the
               best practices},
  booktitle = {Proceedings of the 2008 {ACM} Conference on Emerging Network Experiment
               and Technology, CoNEXT 2008, Madrid, Spain, December 9-12, 2008},
  pages     = {11},
  year      = {2008},
  url       = {http://doi.acm.org/10.1145/1544012.1544023},
  doi       = {10.1145/1544012.1544023},
  timestamp = {Mon, 08 Jun 2009 10:59:22 +0200},
  biburl    = {https://dblp.org/rec/bib/conf/conext/KimCFBFL08},
  bibsource = {dblp computer science bibliography, https://dblp.org}
}
@book{tree,
 author = {Quinlan, J. Ross},
 title = {C4.5: Programs for Machine Learning},
 year = {1993},
 isbn = {1-55860-238-0},
 publisher = {Morgan Kaufmann Publishers Inc.},
 address = {San Francisco, CA, USA},
} 

